<?xml version="1.0" encoding="UTF-8"?><collection xmlns="http://www.loc.gov/MARC21/slim"><record><leader>00408nam--2200133-i-4500</leader><controlfield tag="001">000016475</controlfield><controlfield tag="002">20161230</controlfield><controlfield tag="005">20161230201031</controlfield><controlfield tag="008">060222s1000------------r-----000-0-eng-d</controlfield><datafield ind1=" " ind2=" " tag="100"><subfield code="a">Drawin, H.W</subfield></datafield><datafield ind1=" " ind2=" " tag="260"><subfield code="a">Atomic And Plasma- Material Interaction Proce Sses In Controlled Thermonuclear Fusion</subfield></datafield><datafield ind1=" " ind2=" " tag="490"><subfield code="a">Amsterdam, Elsevier Science Publ., 1993 Viii + 484 P</subfield></datafield><datafield ind1=" " ind2=" " tag="700"><subfield code="a">Janav, R.K</subfield></datafield><datafield ind1=" " ind2=" " tag="852"><subfield code="a">621.039.61:533.9</subfield></datafield></record></collection>